@article{crowdsourcing_definition,
  title={Crowdsourcing: A definition},
  author={Howe, Jeff},
  journal={Crowdsourcing: Tracking the rise of the amateur},
  year={2006}
}
@electronic{MobileStats,
title = {Global mobile statistics 2013},
month = jul,
year = {2013},
url = {http://mobithinking.com/mobile-marketing-tools/latest-mobile-stats/a}
}

@electronic{AppDownloads,
title = {Per-Capita App Download Rates Show Where Mobile Growth Is Heading},
month = jul,
year = {2013},
url = {http://au.businessinsider.com/comparing-app-downloads-across-countries-2013-6}
}

@electronic{CreekWatch,
title = {CreekWatch app sote},
month = jul,
year = {2013},
url = {http://creekwatch.researchlabs.ibm.com/}
}

@electronic{OpenSpot,
title = {Google Labsâ€™ Open Spot: A Useful Application That No One Uses},
month = jul,
year = {2013},
url = {http://www.androidauthority.com/google-labs-open-spot-a-useful-application-that-no-one-uses-15186/}
}

@electronic{Waze,
title = {Waze app home page},
month = jul,
year = {2013},
url = {http://www.waze.com/}
}

@electronic{HopStop,
title = {HopStop app home page},
month = jul,
year = {2013},
url = {http://live.hopstop.com/}
}

@electronic{MrNumber,
title = {Mr Number app home page},
month = jul,
year = {2013},
url = {https://play.google.com/store/apps/details?id=com.mrnumber.blocker&hl=en}
}

@electronic{CommonSense,
title = {Common Sense app home page},
month = jul,
year = {2013},
url = {http://www.communitysensing.org/}
}

@electronic{WiFiFinder,
title = {WiFi finder app home page},
month = jul,
year = {2013},
url = {https://play.google.com/store/apps/details?id=com.jiwire.android.finder}
}

@electronic{RootMetrics,
title = {Root Metrics project page},
month = jul,
year = {2013},
url = {http://www.rootmetrics.com/
}
}

